@misc{PongPolicyGradient,
  title={Learning to Play Pong using Policy Gradient Learning}, 
  author={Somnuk Phon-Amnuaisuk},
  year={2018},
  eprint={1807.08452},
  archivePrefix={arXiv},
  primaryClass={cs.LG}
}

@online{PongGithub,
  author = {Sagar Gubbi},
  year = 2019,
  title = {Learning to play Pong},
  url = {https://github.com/s-gv/pong-keras/blob/master/pong-actor-critic.py},
  urldate = {2023-10-15},
}

@book{BartoSutton,
  author = {Sutton, Richard S. and Barto, Andrew G.},
  edition = {Second},
  publisher = {The MIT Press},
  title = {Reinforcement Learning: An Introduction},
  year = {2018}
}

